<record><leader>00000cas a22000007a 4500</leader><controlfield tag="001">11166203</controlfield><controlfield tag="008">840918d18551859iauwr ne      0    0eng d</controlfield><datafield ind1=" " ind2=" " tag="010"><subfield code="a">sn 84038096 </subfield></datafield><datafield ind1=" " ind2=" " tag="040"><subfield code="a">NPX</subfield><subfield code="b">eng</subfield><subfield code="c">NPX</subfield><subfield code="d">OCLCQ</subfield></datafield><datafield ind1=" " ind2=" " tag="042"><subfield code="a">msc</subfield></datafield><datafield ind1="0" ind2="0" tag="245"><subfield code="a">De Witt weekly Clintonian.</subfield></datafield><datafield ind1="1" ind2="3" tag="246"><subfield code="a">Dewitt Clintonian</subfield></datafield><datafield ind1=" " ind2=" " tag="260"><subfield code="a">De Witt, Iowa :</subfield><subfield code="b">Bates &amp; M'Cormick</subfield></datafield><datafield ind1=" " ind2=" " tag="300"><subfield code="a">v.</subfield></datafield><datafield ind1=" " ind2=" " tag="310"><subfield code="a">Weekly</subfield></datafield><datafield ind1="1" ind2=" " tag="362"><subfield code="a">Began in Dec. 1855; ceased in 1859.</subfield><subfield code="z">Cf. Bibl. of Iowa newspapers.</subfield></datafield><datafield ind1=" " ind2=" " tag="500"><subfield code="a">Bibliography of Iowa newspapers gives title as: Dewitt Clintonian.</subfield></datafield><datafield ind1=" " ind2=" " tag="500"><subfield code="a">Editor: O.C. Bates, &lt;1857&gt;.</subfield></datafield><datafield ind1=" " ind2=" " tag="500"><subfield code="a">"Republican," &lt;1857&gt;.</subfield></datafield><datafield ind1=" " ind2=" " tag="588"><subfield code="a">Description based on: Vol. 2, no. 21 (July 30, 1857).</subfield></datafield><datafield ind1=" " ind2=" " tag="752"><subfield code="a">United States</subfield><subfield code="b">Iowa</subfield><subfield code="c">Clinton</subfield><subfield code="d">De Witt.</subfield></datafield><datafield ind1="1" ind2=" " tag="029"><subfield code="a">AU@</subfield><subfield code="b">000025818447</subfield></datafield></record>